@online{site:StackOverflow,
    title   = {StackOverflow},
    url     = {https://stackoverflow.com/}
}
@online{site:Wikipedia,
    title   = {Wikipedia},
    url     = {https://it.wikipedia.org/wiki/Pagina_principale}
}
@online{site:W3School,
    title   = {W3School},
    url     = {https://www.w3schools.com/}
}
@online{site:HTML,
    title   = {html.it},
    url     = {https://www.html.it/}
}
@online{site:DocumentazionePHP,
    title   = {PHP Documentation},
    url     = {http://php.net/docs.php}
}
@online{site:DocumentazioneJS,
    title   = {JavaScript Documentation},
    url     = {https://devdocs.io/javascript/}
}
